@manual{ed,
title = {The Ed package},
subtitle = {Editorial Notes for LaTeX documents},
author = {Kohlhase, Michael},
url = {https://gl.kwarc.info/kwarc/macros/tree/master/ed},
urldate = {2021-05-29}, 
date = {2011-07-01},
version = {1.8}
}

@manual{todonotes,
title = {The todonotes package},
author = {Henrik Skov Midtiby},
url = {http://www.ctan.org/pkg/todonote},
urldate = {2021-05-29}, 
date = {2021-04-26},
version = {}
}

@manual{hyperref,
title = {The Hyperref package},
subtitle = {Extensive support for hypertext in LaTeX},
author = {Oberdiek, Heiko and Rahtz, Sebastian and {The LaTeX Team}},
url = {https://github.com/latex3/hyperref},
urldate = {2021-05-29}, 
date = {2021-02-27},
version = {7.00k}
}

@manual{xcolor,
title = {The Xcolor package},
subtitle = {Driver-independent color extensions for LaTeX and pdfLaTeX},
author = {Kern, Uwe},
url = {http://www.ukern.de/tex/xcolor.html},
urldate = {2021-05-29}, 
date = {2016-05-11},
version = {2.12}
}

@manual{soulutf8,
title = {The Soulutf8 package},
subtitle = {Permit use of UTF-8 characters in soul},
author = {Oberdiek, Heiko},
url = {http://www.ctan.org/pkg/soulutf8},
urldate = {2021-05-29}, 
date = {2019-12-15},
version = {1.2}
}

@manual{tocloft,
title = {The Tocloft package},
subtitle = {Control table of contents, figures, etc},
author = {Wilson, Peter R. and Robertson, Will},
url = {http://www.ctan.org/pkg/tocloft},
urldate = {2021-05-29}, 
date = {},
version = {2.3j}
}

@manual{etoolbox,
title = {The Etoolbox package},
subtitle = {e-TeX tools for LaTeX},
author = {Lehman, Philipp and Wright, Joseph},
url = {http://www.ctan.org/pkg/etoolbox},
urldate = {2021-05-29}, 
date = {2020-10-05},
version = {2.5k}
}

@manual{environ,
title = {A couple of things involving environments},
author = {Robertson, Will},
url = {http://www.ctan.org/pkg/environ},
urldate = {2021-05-29}, 
date = {2014-05-04},
version = {0.3}
}

@manual{xstring,
title = {The Xstring package},
subtitle = {String manipulation for (La)TeX},
author = {Tellechea, Christian},
url = {http://www.ctan.org/pkg/xstring},
urldate = {2021-05-29}, 
date = {},
version = {1.83}
}

@manual{csquotes,
title = {The Csquotes package},
subtitle = {Context sensitive quotation facilities},
author = {Lehman, Philipp and Wright, Joseph},
url = {http://www.ctan.org/pkg/csquotes},
urldate = {2021-05-29}, 
date = {2021-02-22},
version = {5.2l}
}

@manual{mdframed,
title = {The Mdframed package},
subtitle = {auto-split frame environment},
author = {Daniel, Marco and Schubert, Elke},
url = {http://www.ctan.org/pkg/mdframed},
urldate = {2021-05-29}, 
date = {2013-07-01},
version = {1.9b}
}

@manual{marginnote,
title = {The Marginnote package},
subtitle = {Notes in the margin, even where \textbackslash  marginpar fails},
author = {Kohm, Markus},
url = {https://komascript.de/marginnote},
urldate = {2021-05-29}, 
date = {2018-08-09},
version = {1.4b}
}

@manual{verbatim,
title = {The Verbatim package},
subtitle = {Reimplementation of and extensions to LaTeX verbatim},
author = {Sch√∂pf, Rainer and {The LaTeX Team}},
url = {http://www.ctan.org/pkg/verbatim},
urldate = {2021-05-29}, 
date = {2020-07-07},
version = {1.5u}
}

@manual{iflang,
title = {The Iflang package},
subtitle = {Expandable checks for the current language},
author = {Oberdiek, Heiko},
url = {http://www.ctan.org/pkg/iflang},
urldate = {2021-05-29}, 
date = {2018-01-21},
version = {1.7}
}

@manual{color-edits,
title = {The Color-edits package},
subtitle = {Colorful edits for multiple authors of a shared document},
author = {Kempe, David},
url = {http://www.ctan.org/pkg/color-edits},
urldate = {2021-05-29}, 
date = {2020-09-19},
version = {1.1}
}

@manual{ulem,
title = {The Ulem package},
subtitle = {Package for underlining},
author = {Arseneau, Donald},
url = {http://www.ctan.org/pkg/ulem},
urldate = {2021-05-29}, 
date = {2019-11-18},
version = {}
}

@book{minto2009pyramid,
    title={The Pyramid Principle: Logic in Writing and Thinking},
    author={Minto, B.},
    isbn={9780273710516},
    lccn={2009396730},
    series={Financial Times Series},
    year={2009},
    publisher={Financial Times Prentice Hall}
}
